@misc{ test01,
       author = "K.I. Antoniadou and G. Voyatzis",
       title = "Highly Eccentric Exoplanets Trapped in Mean-Motion Resonances",
       year = "2015" }
